% ********************************************************
% ********************************************************
% *******  NOVA FORMATAÇÃO DO ARQUIVO DE REFERÊNCIA  *****
% ********************************************************
% ********************************************************

@TECHREPORT{Acree1979,
	author =       {A. T. Acree and T. A. Budd and R. A. DeMillo and R. J. Lipton and F. G. Sayward},
	title =        {Mutation Analysis},
	institution =  {School of Information and Computer Science, Georgia Institute of Technology},
	year =         {1979},
	type =         {Technical Report},
	number =       {GIT-ICS-79/08},
	address =      {Atlanta/GA - USA},
	local =        { ... }
}

@TECHREPORT{Acree1980,
	author =       {A. T. Acree and T. A. Budd and R. A. DeMillo and R. J. Lipton and F. G. Sayward},
	title =        {Mutation Analysis 80},
	institution =  {School of Information and Computer Science, Georgia Institute of Technology},
	year =         {1980},
	type =         {Technical Report},
	number =       {GIT-ICS-80/08},
	address =      {Atlanta/GA - USA},
	local =        { ... }
}

@TECHREPORT{Acreed1979a,
	author =       {A. T. Acree and T. A. Budd and R. A. DeMillo and R. J. Lipton and F. G. Sayward},
	title =        {Mutation Analysis},
	institution =  {School of Information and Computer Science, Georgia Institute of Technology},
	year =         {1979},
	type =         {Technical Report},
	number =       {GIT-ICS-79/08},
	address =      {Atlanta/GA - USA},
	local =        { ... }
}

@TECHREPORT{Acreed1979b,
	author =       {A. T. Acree and T. A. Budd and R. A. DeMillo and R. J. Lipton and F. G. Sayward},
	title =        {Mutation Analysis},
	institution =  {School of Information and Computer Science, Georgia Institute of Technology},
	year =         {1979},
	type =         {Technical Report},
	number =       {GIT-ICS-79/08},
	address =      {Atlanta/GA - USA},
	local =        { ... }
}


% ****************************************************
% **** Modelos de como definir os tipos inseridos ****
% ****************************************************

@MASTERSTHESIS{Master,
	author={Jo{\~a}o Ningu\'em},
	title={Como Passar o Tempo Durante Dois Anos},
	address={Porto Alegre},
	school={Universidade Federal do Rio Grande do Sul,
	Instituto de F\'{\i}sica,
	Curso de P\'os-Gradua\c{c}\~ao em F\'{\i}sica},
	year=1995
}

@PHDTHESIS{Phd,
	author={Ningu{\'e}m~da~Silva, Jo{\~a}o},
	title={Como Passar o Tempo Durante Quatro Anos},
	address={Porto Alegre},
	school={Universidade Federal do Rio Grande do Sul,
	Instituto de F\'{\i}sica,
	Curso de P\'os-Gradua\c{c}\~ao em F\'{\i}sica},
	year=1999
}

@book{tolvanenKelly08,
  title={{Domain-specific modeling: enabling full code generation}},
  author={Kelly, S. and Tolvanen, J.P.},
  isbn={0470036664},
  year={2008},
  publisher={Wiley-IEEE Computer Society Pr},
  address={Hoboken, New Jersey}
}

@misc{uml11,
  title={OMG -- Object Management Group -- UML},
  year={2011},
  howpublished={\url{http://www.uml.org/}},
  note={Último acesso em: 14/02/2011}
}

@phdthesis{lucredio2009,
  author={Lucredio, D.},
  title={Uma abordagem orientada a modelos para reutilização de software},
  year={2009},
  school={Universidade de São Paulo -- USP}
}

@article{weberZhang96,
  author={Weber, R. and Zhang, Y.},
  title={An Analytical evaluation of NIAM's grammar for conceptual schema design},
  year={1996},
  journal={Information Systems Journal}
}

@INPROCEEDINGS{fernandesMachado07,
  author = {Fernandes, J.M. and Machado, R.J.},
  title = {Teaching embedded systems engineering in a software-oriented computing
	degree},
  year = {2007},
  pages = {F3H-5 -F3H-10},
  month = {oct.},
  doi = {10.1109/FIE.2007.4417949},
  issn = {0190-5848},
  journal = {Frontiers In Education Conference - Global Engineering: Knowledge
	Without Borders, Opportunities Without Passports, 2007. FIE '07.
	37th Annual},
  keywords = {Bologna declaration;embedded software design;embedded software development;embedded
	systems engineering teaching;software engineering;software-oriented
	computing degree;university degree syllabus;computer science education;educational
	courses;embedded systems;software engineering;teaching;}
}